@Manual{CiteR,
  title = {R: A Language and Environment for Statistical Computing},
  author = {{R Core Team}},
  organization = {R Foundation for Statistical Computing},
  address = {Vienna, Austria},
  year = {2014},
  url = {http://www.R-project.org/},
  note = {Version 3.1.1}, 
}
@Manual{R-devtools,
  title = {devtools: Tools to make developing R code easier},
  author = {Hadley Wickham and Winston Chang},
  year = {2014},
  note = {R package version 1.5},
  url = {http://CRAN.R-project.org/package=devtools},
}
@Manual{R-digest,
  title = {digest: Create cryptographic hash digests of R objects},
  author = {Dirk Eddelbuettel},
  year = {2013},
  note = {R package version 0.6.4},
  url = {http://CRAN.R-project.org/package=digest},
}
@Manual{R-ecp,
  title = {ecp: Nonparametric Multiple Change Point Analysis of Multivariate
Data},
  author = {Nicholas A. James and David S. Matteson},
  year = {2014},
  note = {R package version 1.6.0},
  url = {http://CRAN.R-project.org/package=ecp},
}
@Manual{R-ggplot2,
  title = {ggplot2: An implementation of the Grammar of Graphics},
  author = {Hadley Wickham and Winston Chang},
  year = {2014},
  note = {R package version 1.0.0},
  url = {http://CRAN.R-project.org/package=ggplot2},
}
@Manual{R-gridExtra,
  title = {gridExtra: functions in Grid graphics},
  author = {Baptiste Auguie},
  year = {2012},
  note = {R package version 0.9.1},
  url = {http://CRAN.R-project.org/package=gridExtra},
}
@Manual{R-plyr,
  title = {plyr: Tools for splitting, applying and combining data},
  author = {Hadley Wickham},
  year = {2014},
  note = {R package version 1.8.1},
  url = {http://CRAN.R-project.org/package=plyr},
}
@Manual{R-repmis,
  title = {repmis: A collection of miscellaneous tools for reproducible research with
R.},
  author = {Christopher Gandrud},
  year = {2014},
  note = {R package version 0.2.10},
  url = {http://cran.r-project.org/web/packages/repmis/},
}
@Manual{R-reshape2,
  title = {reshape2: Flexibly reshape data: a reboot of the reshape package.},
  author = {Hadley Wickham},
  year = {2014},
  note = {R package version 1.4},
  url = {http://CRAN.R-project.org/package=reshape2},
}
